101 1111111119987654   13101614100094101eBank                  ProDiem Inc.           00100012
5200ProDiem Inc.                        9987654   CCDxTuple ERP131016131017   1111111110000001
627111111111123145           0000130000987654         ProDiem Inc.          690111111111000001
622123123123987654321234567890000130000TPARTS         Toy Parts Inc.        690111111111000002
820000000200234234230000001300000000001300009987654                            111111110000001
9000001000006000000020023423423000000130000000000130000                                       
9999999999999999999999999999999999999999999999999999999999999999999999999999999999999999999999
9999999999999999999999999999999999999999999999999999999999999999999999999999999999999999999999
9999999999999999999999999999999999999999999999999999999999999999999999999999999999999999999999
9999999999999999999999999999999999999999999999999999999999999999999999999999999999999999999999
