101 12345678912345678901701011200A094101My Bank, Inc.          Sell Co                        
5200Sell Co                             1234567890CCD                170101   1123456780000001
627222222226123456789        00000002009876543210     Bob Loblaw              1123456780000002
705More Info                                                                       00010000001
622333333334234567890        00000001008765432109     Bob Loblaw              0123456780000003
637555555550456789012        00000004446543210987     Bob Loblaw              0123456780000005
820000000301111111100000000006440000000001001234567890                         123456780000001
5200Sell Co                             1234567890PPD                170101   1123456780000002
622111111118012345678        00000001000987654321     Bob Loblaw              0123456780000001
627444444442345678901        00000002007654321098     Bob Loblaw              0123456780000004
632666666668567890123        00000002005432109876     Bob Loblaw              0123456780000006
622777777776678901234        00000006664321098765     Bob Loblaw              0123456780000007
637888888884789012345        00000003003210987654     Bob Loblaw              0123456780000008
820000000502888888860000000005000000000009661234567890                         123456780000002
9000002000002000000080399999996000000001144000000001066                                       
9999999999999999999999999999999999999999999999999999999999999999999999999999999999999999999999
9999999999999999999999999999999999999999999999999999999999999999999999999999999999999999999999
9999999999999999999999999999999999999999999999999999999999999999999999999999999999999999999999
9999999999999999999999999999999999999999999999999999999999999999999999999999999999999999999999
9999999999999999999999999999999999999999999999999999999999999999999999999999999999999999999999